@article{gelblum2015ant,
  title={Ant groups optimally amplify the effect of transiently informed individuals},
  author={Gelblum, Aviram and Pinkoviezky, Itai and Fonio, Ehud and Ghosh, Abhijit and Gov, Nir and Feinerman, Ofer},
  journal={Nature communications},
  volume={6},
  pages={7729},
  year={2015},
  publisher={Nature Publishing Group}
}
,
@article{leonard2012decision,
  title={Decision versus compromise for animal groups in motion},
  author={Leonard, Naomi E and Shen, Tian and Nabet, Benjamin and Scardovi, Luca and Couzin, Iain D and Levin, Simon A},
  journal={Proceedings of the National Academy of Sciences},
  volume={109},
  number={1},
  pages={227--232},
  year={2012},
  publisher={National Acad Sciences}
}
,
@article{couzin2011uninformed,
  title={Uninformed individuals promote democratic consensus in animal groups},
  author={Couzin, Iain D and Ioannou, Christos C and Demirel, G{\"u}ven and Gross, Thilo and Torney, Colin J and Hartnett, Andrew and Conradt, Larissa and Levin, Simon A and Leonard, Naomi E},
  journal={science},
  volume={334},
  number={6062},
  pages={1578--1580},
  year={2011},
  publisher={American Association for the Advancement of Science}
}
,
@article{berdahl2013emergent,
  title={Emergent sensing of complex environments by mobile animal groups},
  author={Berdahl, Andrew and Torney, Colin J and Ioannou, Christos C and Faria, Jolyon J and Couzin, Iain D},
  journal={Science},
  volume={339},
  number={6119},
  pages={574--576},
  year={2013},
  publisher={American Association for the Advancement of Science}
}
,
@article{couzin2005effective,
  title={Effective leadership and decision-making in animal groups on the move},
  author={Couzin, Iain D and Krause, Jens and Franks, Nigel R and Levin, Simon A},
  journal={Nature},
  volume=433,
  number=7025,
  pages=513,
  year=2005,
  publisher={Nature Publishing Group}
}
,
@article{kirman2016ants,
	title={Ants and nonoptimal self-organization: Lessons for macroeconomics},
	author={Kirman, Alan},
	journal={Macroeconomic Dynamics},
	volume={20},
	number={2},
	pages={601--621},
	year={2016},
	publisher={Cambridge University Press}
}
,
@article{peters2015evolutionary,
	title={The Evolutionary Advantage of Cooperation},
	author={Peters, Ole and Adamou, Alexander},
	year={2015},
	publisher={Citeseer}
}
,
@inproceedings{finocchiaro2019evolving,
 author = {Finocchiaro, Jessica and Mathias, H. David},
 title = {Evolving Cooperation for the Iterated Prisoner's Dilemma},
 booktitle = {Proceedings of the Genetic and Evolutionary Computation Conference Companion},
 series = {GECCO '19},
 year = {2019},
 location = {Prague, Czech Republic},
 numpages = {2},
 publisher = {ACM},
 address = {New York, NY, USA},
 keywords = {multi-objective genetic algorithms, prisoner's dilemma},
} 